@misc{ fdtd_u,
       author = {R. Kourant, K. Friedrichs, H. Lewy},
       title = {Über die partiellen Differenzengleichungen der mathematischen Physik},
       year = {1928}
}

@misc { gausz_law_electric,
       author = {Prof. Raymond Rumpf},
       title = {Lecture 4 -- Electromagnetics and FDTD},
       note = {Seite 3},
       howpublished = {"http://emlab.utep.edu/ee5390fdtd/Lecture 4 -- Electromagnetics and FDTD.pdf"}
}

@misc { gausz_law_magnetic,
       author = {Prof. Raymond Rumpf},
       title = {Lecture 4 -- Electromagnetics and FDTD},
       note = {Seite 4},
       howpublished = {"http://emlab.utep.edu/ee5390fdtd/Lecture 4 -- Electromagnetics and FDTD.pdf"}
}

@misc{ amperes_law,
       author = {Prof. Raymond Rumpf},
       title = {Lecture 4 -- Electromagnetics and FDTD},
       note = {Seite 4},
       howpublished = {"http://emlab.utep.edu/ee5390fdtd/Lecture 4 -- Electromagnetics and FDTD.pdf"}
}

@misc{ induction_law,
       author = {Prof. Raymond Rumpf},
       title = {Lecture 4 -- Electromagnetics and FDTD},
       note = {Seite 5},
       howpublished = {"http://emlab.utep.edu/ee5390fdtd/Lecture 4 -- Electromagnetics and FDTD.pdf"}
}

@misc{ constitutive,
       author = {Prof. Raymond Rumpf},
       title = {Lecture 4 -- Electromagnetics and FDTD},
       note = {Seite 9},
       howpublished = {"http://emlab.utep.edu/ee5390fdtd/Lecture 4 -- Electromagnetics and FDTD.pdf"}
}

@misc{ fdtd_stabilitaet,
       author = {Prof. Raymond Rumpf},
       title = {Lecture 4 -- Electromagnetics and FDTD},
       note = {Seite 24},
       howpublished = {"http://emlab.utep.edu/ee5390fdtd/Lecture 4 -- Electromagnetics and FDTD.pdf"}
}

@misc{ approximation_time,
       author = {Prof. Raymond Rumpf},
       title = {Lecture 4 -- Electromagnetics and FDTD},
       note = {Seite 26},
       howpublished = {"http://emlab.utep.edu/ee5390fdtd/Lecture 4 -- Electromagnetics and FDTD.pdf"}
}

@misc{ normalize_h_field,
       author = {Prof. Raymond Rumpf},
       title = {Lecture 5 -- Formulation of 1D FDTD},
       note = {Seite 11},
       howpublished = {"http://emlab.utep.edu/ee5390fdtd/Lecture 5 -- Formulation of 1D FDTD.pdf"}
}

@misc{ diagonal_tensors,
       author = {Prof. Raymond Rumpf},
       title = {Lecture 5 -- Formulation of 1D FDTD},
       note = {Seite 13},
       howpublished = {"http://emlab.utep.edu/ee5390fdtd/Lecture 5 -- Formulation of 1D FDTD.pdf"}
}

@ARTICLE{yee_original,
   author = {{Yee}, K.},
    title = "{Numerical solution of inital boundary value problems involving maxwell's equations in isotropic media}",
  journal = {IEEE Transactions on Antennas and Propagation},
     year = 1966,
    month = may,
   volume = 14,
    pages = {302-307},
      doi = {10.1109/TAP.1966.1138693},
   adsurl = {http://adsabs.harvard.edu/abs/1966ITAP...14..302Y},
  adsnote = {Provided by the SAO/NASA Astrophysics Data System}
}

@misc{ reasons_for_yee,
       author = {Prof. Raymond Rumpf},
       title = {Lecture 5 -- Formulation of 1D FDTD},
       note = {Seite 9},
       howpublished = {"http://emlab.utep.edu/ee5390fdtd/Lecture 5 -- Formulation of 1D FDTD.pdf"}
}

@misc{ sources,
       author = {Prof. Raymond Rumpf},
       title = {Lecture 6 -- Implementation of 1D FDTD.pdf},
       note = {Seite 25},
       howpublished = {"http://emlab.utep.edu/ee5390fdtd/Lecture 6 -- Implementation of 1D FDTD.pdf"}
}


@misc{ advanced_gap_feed,
       author = {R.J Luebbers and H.S, Langdon},
       title = {A Simple Feed Model that Reduces Time Steps Needed for FDTD Antenna and Microstip Calculations},
       howpublished = {"http://citeseerx.ist.psu.edu/viewdoc/download?doi=10.1.1.461.3208\&rep=rep1\&type=pdf"}
}

@misc{ ramped_sin,
       author = {Prof. Raymond Rumpf},
       title = {Implementation of 1D FDTD},
       howpublished = {"http://emlab.utep.edu/ee5390fdtd/Lecture 6 -- Implementation of 1D FDTD.pdf"},
       note = {Youtube Video}
}



@misc{ dimension_reduction,
       author = {Prof. Raymond Rumpf},
       title = {Topic 2b Building Geometries into Data Arrays},
       note = {Seite 7},
       howpublished = {"http://emlab.utep.edu/ee4386_5301cmee/Topic 2b -- Building Geometries into Data Arrays.pdf"}
}

@misc{ grid_stability_condition,
       author = {Prof. Raymond Rumpf},
       title = {Topic 2b Building Geometries into Data Arrays},
       note = {Seite 13},
       howpublished = {"http://emlab.utep.edu/ee5390fdtd/Lecture 6 -- Implementation0lf 1D FDTD.pdf"}
}

@misc{ time_stability_condition,
       author = {Prof. Raymond Rumpf},
       title = {Topic 2b Building Geometries into Data Arrays},
       note = {Seite 18},
       howpublished = {"http://emlab.utep.edu/ee5390fdtd/Lecture 6 -- Implementation0lf 1D FDTD.pdf"}
}



@misc{ dirichlet_nbc,
       author = {Prof. Raymond Rumpf},
       title = {Implementation of One Dimensional FDTD},
       note = {Seite 10},
       howpublished = {"http://emlab.utep.edu/ee5390fdtd/Lecture 6 -- Implementation of 1D FDTD.pdf"}
}

@misc{ introduction_pml,
       author = {John Schneider},
       title = {Chapter 11 Perfectly Matched Layer},
       note = {Seite 307},
       howpublished = {"https://www.eecs.wsu.edu/~schneidj/ufdtd/chap11.pdf"}
}

@misc{ derivation_pml,
       author = {Prof. Raymond Rumpf},
       title = {The Perfectly Matched Layer (PML)},
       howpublished = {http://emlab.utep.edu/ee5390fdtd/Lecture 13 -- The Perfectly Matched Layer.pdf}
}

@misc{ loss_in_fd,
       author = {Prof. Raymond Rumpf},
       title = {The Perfectly Matched Layer (PML)},
       note = {Seite 9},
       howpublished = {"http://emlab.utep.edu/ee5390fdtd/Lecture 13\ --\ The Perfectly Matched Layer.pdf"}
}

@misc{ matched_impedance,
       author = {Prof. Raymond Rumpf},
       title = {The Perfectly Matched Layer (PML)},
       note = {Seite 17},
       howpublished = {"http://emlab.utep.edu/ee5390fdtd/Lecture 13 -- The Perfectly Matched Layer.pdf"}
}

@misc{ opencl_overview,
       author = {Khronos Group},
       title = {OpenCL Overview},
       howpublished = {"https://www.khronos.org/opencl/"}
}

@book{ oclpg_execution_model,
       author = {Aaftab Munshi and Benedic R. Gaster and Timothy G. Mattson and James Fung and Dan Ginsburg},
       title = {OpenCL Programming Guide},
       publisher = {Pearson Education},
       year = {2011}
}

@misc{ emv_simulation,
       author = {Elektronik Praxis},
       title = {Verbessertes EMV-Verstaendnis durch Simulation},
       howpublished = {"https://www.cadfem.de/fileadmin/PDFs/Aktuelles/Presse/Pressespiegel/EP03_2016_CADFEM-EMV-Simulation-Teil-1.pdf"}
}

@misc{ altair_hyperworks,
       author = {altairhyperworks},
       title = {Altair Feko™ Overview},
       howpublished = {"https://altairhyperworks.com/product/FEKO"}
}

@misc{ meep,
       author = {open source},
       title = {Meep},
       howpublished = {"https://meep.readthedocs.io/en/latest/"}
}

@misc{ nano_materials,
       author = {Zhihui Chen},
       title = {Light manipulation in micro and nano photonic materials and structures},
       howpublished = {"https://www.diva-portal.org/smash/get/diva2:525286/FULLTEXT01.pdf"}
}

@misc{ nasa_ea_antenna,
       author = {Al Globus and Derek S. Linden and Jason D. John},
       title = {Automated Antenna Design with Evolutionary Algorithms},
       howpublished = {"http://citeseerx.ist.psu.edu/viewdoc/download?doi=10.1.1.102.9841\&rep=rep1\&type=pdf"}
}

@book{ fdtd_history,
       author = {Hagness},
       title = {Computational Electrodynamics: The Finite-Difference Time-Domain Method, 3rd ed},
       publisher = {Artech House},
       year = {2005}
}


@misc{ mathepedia_numerische_verfahren,
       author = {Thomas Steunfeld},
       title = {Liste numerischer Verfahren},
       howpublished = {"https://mathepedia.de/Numerische_Verfahren.html"}
}

@book{ dipol_antenna,
       author = {Alois Krischke},
       title = {Rothammels Antennenbuch},
       publisher = {DARC Verlag},
       year = {2013}
}


